@BOOK(gM68,
   author = "George A. Menuhin",
   title = "Universal Algebra".
   publisher = "D.~Van Nostrand",
   address = "Princeton",
   year = 1968,
			)

@BOOK(fR82,
   author = "Ferenc R. Richardson",
   title = "General Lattice Theory".
   edition = "Expanded and Revised",
   language = "Russian",
   publisher = "Mir",
   address = "Moscow",
   year = 1982,
			)

@ARTICLE(eM57,
   author = "Ernest T. Moynahan",
   title = "On a Problem of {M. Stone}",
   journal = "Acta Math. Acad. Sci. Hungar.",
   pages = "455--460",
   volume = 8,
   year = 1957,
			)

@ARTICLE(eM57a,
   author = "Ernest T. Moynahan",
   title = "Ideals and Congruence Relations in Lattices.~\textup{II}",
   journal = "Magyar Tud. Akad. Mat. Fiz. Oszt. K{\"{o}}zl.",
   language = "Hungarian",
   pages = "417--434",
   volume = 7,
   year = 1957,
			)

@PHDTHESIS(sF90,
   author = "Soo-Key Foo",
   title = "Lattice Constructions",
   school = "University of Winnebago",
   address = "Winnebago, MN",
   month = dec,
   year = 1990,
			)