% Sample file: template.bib 
% bibliographic template file
% Delete comments from this file


@ARTICLE(eM57,
   author = "Ernest~T. Moynahan",
   title = "On a Problem of {M. Stone}",
   journal = "Acta Math. Acad. Sci. Hungar.",
   pages = "455--460",
   volume = 8,
   year = 1957,
   )

@ARTICLE(eM57a,
   author = "Ernest~T. Moynahan",
   title = "On a problem of {M. Stone}",
   journal = "Acta Math. Acad. Sci. Hungar.",
   pages = "455--460",
   volume = 8,
   year = 1957,
   month = feb,
   note = "Russian translation available",
   language = "English",
   )

@BOOK(gM68,
   author = "George~A. Menuhin",
   title = "Universal Algebra".
   publisher = "D.~Van Nostrand",
   address = "Princeton",
   year = 1968,
   )

@BOOK(gM68a,
   author = "George~A. Menuhin",
   title = "Universal Algebra".
   publisher = "D.~Van Nostrand",
   address = "Princeton",
   year = 1968,
   series = "University Series in Higher Mathematics",
   volume = 58,
   edition = "Second",
   month = "March",
   note = "no Russian translation",
   language = "English",
   )
 
@BOOK(rP68,
   editor = "R. S. Prescott",
   title = "Universal Algebra".
   publisher = "D.~Van Nostrand",
   address = "Princeton",
   year = 1968,
   )

@INPROCEEDINGS(pK69,
   author = "Peter~A. Konig",
   title = "Composition of Functions".
   booktitle = "Proceedings of the Conference on 
    Universal Algebra",
   year = 1970,
   )

@INPROCEEDINGS(pK69a,
   author = "Peter~A. Konig",
   title = "Composition of Functions".
   booktitle = "Proceedings of the Conference on 
    Universal Algebra".
   publisher = "Queen's Univ., Kingston ON",
   organization = "Canadian Mathematical Society",
   editor = "G.H. Birnbaum",
   pages = "1--106",
   volume = 7,
   year = 1970,
   month = dec,
   note = "available from the Montreal office",
   language = "English",
   )

@INCOLLECTION(hA70,
   author = "Henry~H. Albert",
   title = "Free Torsoids",
   booktitle = "Current Trends in Lattice Theory".
   publisher = "D.~Van Nostrand",
   year = 1970,
   )

@INCOLLECTION(hA70a,
   author = "Henry~H. Albert",
   editor = "G.H. Birnbaum",
   chapter = "Third",
   title = "Free Torsoids",
   booktitle = "Current Trends in Lattice Theory".
   publisher = "D.~Van Nostrand, Princeton",
   language = "German",
   pages = "173--215",
   volume = 7,
   year = 1970,
   month = jan,
   note = "first volume of the series ``Current Trends''",
   )

@PHDTHESIS(sF90,
   author = "Soo-Key Foo",
   title = "Lattice Constructions",
   school = "University of Winnebago",
   year = 1990,
   )

@PHDTHESIS(sF90a,
   author = "Soo-Key Foo",
   title = "Lattice constructions",
   school = "University of Winnebago",
   address = "Winnebago, MN",
   year = 1990,
   month = dec,
   note = "final revision not yet available",
   language = "Chinese",
   )

@TECHREPORT(gF86,
   author = "Grant~H. Foster",
   title = "Computational Complexity in Lattice Theory".
   institution = "Carnegie Mellon University",
   year = 1986,
   )

@TECHREPORT(gF86a,
   author = "Grant~H. Foster",
   title = "Computational Complexity in Lattice Theory".
   institution = "Carnegie Mellon University",
   year = 1986,
   type = "Research Note",
   address = "Pittsburgh, PA",
   number = "128A",
   month = dec,
   note = "research article in preparation",
   language = "English",
   )

@UNPUBLISHED(wL75,
   author = "William~A. Landau",
   title = "Representations of Complete Lattices",
   note = "Abstract: Notices Amer. Math. Soc. \textbf{18}, 937",
   )

@UNPUBLISHED(wL75a,
   author = "William~A. Landau",
   title = "Representations of Complete Lattices",
   year = 1975,
   note = "Abstract: Notices Amer. Math. Soc. \textbf{18}, 937",
   month = dec,
   language = "English",
   )
